%% This BibTeX bibliography file was created using BibDesk.
%% http://bibdesk.sourceforge.net/


%% Created for Matthew May at 2016-03-08 23:06:06 -0600


%% Saved with string encoding Unicode (UTF-8)

@article{miller2002density,
	title={Density dependent matrix model for gray wolf population projection},
	author={Miller, David H and Jensen, Al L and Hammill, James H},
	journal={Ecological Modelling},
	volume={151},
	number={2},
	pages={271--278},
	year={2002},
	publisher={Elsevier}
}

@article{clark1982forage,
	title={Forage interactions and black-tailed jack rabbit population dynamics: a simulation model},
	author={Clark, William R and Innis, George S},
	journal={The Journal of Wildlife Management},
	pages={1018--1035},
	year={1982},
	publisher={JSTOR}
}

@article{aikio2003relatedness,
	title={Relatedness and competitive asymmetry--implications for growth and population dynamics},
	author={Aikio, Sami and Pakkasmaa, Susanna},
	journal={Oikos},
	volume={100},
	number={2},
	pages={283--290},
	year={2003},
	publisher={Wiley Online Library}
}

@article{peterson2014modeling,
	title={Modeling population dynamics and woody biomass in Alaska coastal forest},
	author={Peterson, Randy L and Liang, Jingjing and Barrett, Tara M},
	journal={Forest Science},
	volume={60},
	number={2},
	pages={391--401},
	year={2014},
	publisher={Society of American Foresters}
}

@comment{BibDesk Static Groups{
<?xml version="1.0" encoding="UTF-8"?>
<!DOCTYPE plist PUBLIC "-//Apple//DTD PLIST 1.0//EN" "http://www.apple.com/DTDs/PropertyList-1.0.dtd">
<plist version="1.0">
<array>
	<dict>
		<key>group name</key>
		<string>CSE 6242: Project</string>
		<key>keys</key>
		<string>chen2015net2net,tensorflow2015-whitepaper,szegedy2015rethinking,esteva-skincancer-manuscript,szegedy2014going</string>
	</dict>
	<dict>
		<key>group name</key>
		<string>CSE 6370: Project 2</string>
		<key>keys</key>
		<string>zubrin1995economic,caswell2001matrix,ehrlich1971impact,boserup1983population,audesirk1996biology,quammen1996song,daily1994optimum,meadows1992beyond,pimentel1994natural,clark1967population</string>
	</dict>
	<dict>
		<key>group name</key>
		<string>CSE 6730: Project 1</string>
		<key>keys</key>
		<string>helbing2002simulation,kephart1991directed,helbing2005self,zheng2009modeling,braun2003modeling,fang2011hierarchical,klupfel2005models,klupfel2005simulation,dijkstra1959note,park1988random,weifeng2003simulation,kemloh2012modeling,fang2011proposed,ganem1998behavioral,helbing1995social,zarboutis2007design,payne1969coding,burstedde2001simulation,zhang2007stranded,okazaki1993study,blue2001cellular,helbing2000simulating,weidmann1992transporttechnik,helbing1998fluid,biham1992self,west2001introduction,eppstein-dijkstra,rahman2013modelling</string>
	</dict>
</array>
</plist>
}}
